@BOOK{adler:1981,
   author = {{Adler}, R.~J.},
    title = "{The Geometry of Random Fields}",
booktitle = {The Geometry of Random Fields, Chichester: Wiley, 1981},
     year = 1981,
   adsurl = {http://adsabs.harvard.edu/abs/1981grf..book.....A},
  adsnote = {Provided by the SAO/NASA Astrophysics Data System}
}

@ARTICLE{Aragon:2010,
   author = {{Arag{\'o}n-Calvo}, M.~A. and {van de Weygaert}, R. and {Jones}, B.~J.~T.
	},
    title = "{Multiscale phenomenology of the cosmic web}",
  journal = {\mnras},
archivePrefix = "arXiv",
   eprint = {1007.0742},
 keywords = {methods: data analysis, methods: numerical, cosmology: theory, large-scale structure of Universe},
     year = 2010,
    month = nov,
   volume = 408,
    pages = {2163-2187},
      doi = {10.1111/j.1365-2966.2010.17263.x},
   adsurl = {http://adsabs.harvard.edu/abs/2010MNRAS.408.2163A},
  adsnote = {Provided by the SAO/NASA Astrophysics Data System}
}

@ARTICLE{aragon2010b,
   author = {{Arag{\'o}n-Calvo}, M.~A. and {Platen}, E. and {van de Weygaert}, R. and 
	{Szalay}, A.~S.},
    title = "{The Spine of the Cosmic Web}",
  journal = {\apj},
archivePrefix = "arXiv",
   eprint = {0809.5104},
 keywords = {cosmology: theory, large-scale structure of universe, methods: numerical, surveys},
     year = 2010,
    month = nov,
   volume = 723,
    pages = {364-382},
      doi = {10.1088/0004-637X/723/1/364},
   adsurl = {http://adsabs.harvard.edu/abs/2010ApJ...723..364A},
  adsnote = {Provided by the SAO/NASA Astrophysics Data System}
}

@BOOK{Arnold:1978,
   author = {{Arnol'd}, V.~I.},
    title = "{Mathematical methods of classical mechanics}",
booktitle = {Graduate texts in mathematics, New York: Springer, 1978},
     year = 1978,
   adsurl = {http://adsabs.harvard.edu/abs/1978mmcm.book.....A},
  adsnote = {Provided by the SAO/NASA Astrophysics Data System}
}

@ARTICLE{Arnold:1972,
   author = {{Arnol'd}, V.~I.},
    title = "{Normal forms for functions near degenerate critical points, the Weyl groups of $A_k,D_k,E_k$ and Lagrangian singularities}",
  journal = {Functional Anal. Appl},
     year = 1972,
   volume = 6,
    pages = {1972},
}

@ARTICLE{Arnold:1976,
   author = {{Arnol'd}, V.~I.},
    title = "{Wave front evolution and equivalent Morse lemma}",
  journal = {Communications in Pure Applied Mathematics},
 keywords = {Branching (Mathematics), Manifolds (Mathematics), Singularity (Mathematics), Space-Time Functions, Vector Spaces, Wave Fronts, Analytic Functions, Critical Point, Cusps (Mathematics), Existence Theorems, Functional Analysis, Galactic Evolution, Parabolas, Theoretical Physics, Transformations (Mathematics)},
     year = 1976,
    month = nov,
   volume = 29,
    pages = {557-582},
   adsurl = {http://adsabs.harvard.edu/abs/1976CPAM...29..557A},
  adsnote = {Provided by the SAO/NASA Astrophysics Data System}
}

@ARTICLE{Arnold:1982a,
   author = {{Arnol'd}, V.~I. and {Shandarin}, S.~F. and {Zel'dovich}, I.~B.
	},
    title = "{The large scale structure of the universe. I - General properties One- and two-dimensional models}",
  journal = {Geophysical and Astrophysical Fluid Dynamics},
 keywords = {Astronomical Models, Big Bang Cosmology, Two Dimensional Models, Universe, Adiabatic Conditions, Density Distribution, Perturbation Theory, Saddle Points, Singularity (Mathematics)},
     year = 1982,
   volume = 20,
    pages = {111-130},
      doi = {10.1080/03091928208209001},
   adsurl = {http://adsabs.harvard.edu/abs/1982GApFD..20..111A},
  adsnote = {Provided by the SAO/NASA Astrophysics Data System}
}

@ARTICLE{Arnold:1982b,
   author = {{Arnol'd}, V.~I.},
    title = "{Evolution of singularities of potential flows in collisionless media and transformations of caustics in three-dimensional space}",
  journal = {Trudy Seminar imeni G Petrovskogo},
 keywords = {Caustic Lines, Function Space, Mapping, Potential Flow, Singularity (Mathematics), Branching (Mathematics), Clumps, Set Theory, Theorem Proving, Two Phase Flow},
     year = 1982,
   volume = 8,
    pages = {21-57},
   adsurl = {http://adsabs.harvard.edu/abs/1982TrPet...8...21A},
  adsnote = {Provided by the SAO/NASA Astrophysics Data System}
}

@book{Arnold:2012a,
  title={Singularities of Differentiable Maps: Volume I: The Classification of Critical Points Caustics and Wave Fronts},
  author={Arnol'd, V.I. and Varchenko, A. and Gusein-Zade, S.M.},
  isbn={9780817631871},
  lccn={lc84012134},
  series={Monographs in Mathematics},
  url={https://books.google.ca/books?id=kceNLJpmMiUC},
  year={2012},
  publisher={Birkhauser Boston}
}

@book{Arnold:2012b,
  title={Singularities of Differentiable Maps, Volume 2: Monodromy and Asymptotics of Integrals},
  author={Arnol'd, V.I. and Gusein-Zade, S.M. and Varchenko, A.N.},
  isbn={9780817683436},
  lccn={2012938547},
  series={Modern Birkh{\"a}user Classics},
  url={https://books.google.ca/books?id=ldzAmhSf5wAC},
  year={2012},
  publisher={Birkhauser Boston}
}

@ARTICLE{Bond:1996,
   author = {{Bond}, J.~R. and {Kofman}, L. and {Pogosyan}, D.},
    title = "{How filaments of galaxies are woven into the cosmic web}",
  journal = {\nat},
   eprint = {astro-ph/9512141},
     year = 1996,
    month = apr,
   volume = 380,
    pages = {603-606},
      doi = {10.1038/380603a0},
   adsurl = {http://adsabs.harvard.edu/abs/1996Natur.380..603B},
  adsnote = {Provided by the SAO/NASA Astrophysics Data System}
}

@ARTICLE{bbks:1986,
   author = {{Bardeen}, J.~M. and {Bond}, J.~R. and {Kaiser}, N. and {Szalay}, A.~S.
	},
    title = "{The statistics of peaks of Gaussian random fields}",
  journal = {The Astrophysical Journal},
 keywords = {Cosmology, Density Distribution, Galactic Clusters, Galactic Evolution, Random Processes, Statistical Analysis, Density (Number/Volume), Mass Distribution, Mass To Light Ratios, Maxima, Missing Mass (Astrophysics), Probability Distribution Functions, Red Shift, Statistical Correlation, Velocity Distribution},
     year = 1986,
    month = may,
   volume = 304,
    pages = {15-61},
      doi = {10.1086/164143},
   adsurl = {http://adsabs.harvard.edu/abs/1986ApJ...304...15B},
  adsnote = {Provided by the SAO/NASA Astrophysics Data System}
}

@ARTICLE{Brainerd:1993,
   author = {{Brainerd}, T.~G. and {Scherrer}, R.~J. and {Villumsen}, J.~V.
	},
    title = "{Linear Evolution of the Gravitational Potential: A New Approximation for the Nonlinear Evolution of Large-Scale Structure}",
  journal = {\apj},
 keywords = {COSMOLOGY: LARGE-SCALE STRUCTURE OF UNIVERSE, GALAXIES: CLUSTERING, METHODS: NUMERICAL},
     year = 1993,
    month = dec,
   volume = 418,
    pages = {570},
      doi = {10.1086/173417},
   adsurl = {http://adsabs.harvard.edu/abs/1993ApJ...418..570B},
  adsnote = {Provided by the SAO/NASA Astrophysics Data System}
}

@article{Bruce:1985,
    author  = "J.W. Bruce",
    title   = "A classification of 1-parameter families of map germs $R^3,0\to R^3,0$ with applications to condensation problems.",
    year    = "1985",
    journal = "J. Lond. Math. Soc.",
    volume  = "II. Ser. 30",
    number  = "2",
    pages   = "375--384"
}

@ARTICLE{Cautun:2014,
   author = {{Cautun}, M. and {van de Weygaert}, R. and {Jones}, B.~J.~T. and 
	{Frenk}, C.~S.},
    title = "{Evolution of the cosmic web}",
  journal = {\mnras},
archivePrefix = "arXiv",
   eprint = {1401.7866},
 keywords = {methods: data analysis, cosmology: theory, large-scale structure of Universe},
     year = 2014,
    month = jul,
   volume = 441,
    pages = {2923-2973},
      doi = {10.1093/mnras/stu768},
   adsurl = {http://adsabs.harvard.edu/abs/2014MNRAS.441.2923C},
  adsnote = {Provided by the SAO/NASA Astrophysics Data System}
}

@ARTICLE{Chong:1990,
   author = {{Chong}, M.~S. and {Perry}, A.~E. and {Cantwell}, B.~J.},
    title = "{A general classification of three-dimensional flow fields}",
  journal = {Physics of Fluids},
 keywords = {Compressible Flow, Computational Fluid Dynamics, Flow Distribution, Incompressible Flow, Three Dimensional Flow, Differential Equations, Linear Equations, Matrices (Mathematics), Taylor Series},
     year = 1990,
    month = may,
   volume = 2,
    pages = {765-777},
      doi = {10.1063/1.857730},
   adsurl = {http://adsabs.harvard.edu/abs/1990PhFl....2..765C},
  adsnote = {Provided by the SAO/NASA Astrophysics Data System}
}

@ARTICLE{Creminelli:2006,
   author = {{Creminelli}, P. and {Nicolis}, A. and {Senatore}, L. and {Tegmark}, M. and 
	{Zaldarriaga}, M.},
    title = "{Limits on non-Gaussianities from WMAP data}",
  journal = {Journal of Cosmology and Astroparticle Physics},
   eprint = {astro-ph/0509029},
     year = 2006,
    month = may,
   volume = 5,
      eid = {004},
    pages = {004},
      doi = {10.1088/1475-7516/2006/05/004},
   adsurl = {http://adsabs.harvard.edu/abs/2006JCAP...05..004C},
  adsnote = {Provided by the SAO/NASA Astrophysics Data System}
}

@PHDTHESIS{Delmarcelle:1995,
   author = {{Delmarcelle}, T.},
    title = "{The Visualization of Second-Order Tensor Fields}",
 keywords = {FLUID DYNAMICS},
   school = {STANFORD UNIVERSITY.},
     year = 1995,
    month = January,
   adsurl = {http://adsabs.harvard.edu/abs/1995PhDT........21D},
  adsnote = {Provided by the SAO/NASA Astrophysics Data System}
}

@ARTICLE{Diemer:2014,
   author = {{Diemer}, B. and {Kravtsov}, A.~V.},
    title = "{Dependence of the Outer Density Profiles of Halos on Their Mass Accretion Rate}",
  journal = {\apj},
archivePrefix = "arXiv",
   eprint = {1401.1216},
 keywords = {cosmology: theory, dark matter, methods: numerical},
     year = 2014,
    month = jul,
   volume = 789,
      eid = {1},
    pages = {1},
      doi = {10.1088/0004-637X/789/1/1},
   adsurl = {http://adsabs.harvard.edu/abs/2014ApJ...789....1D},
  adsnote = {Provided by the SAO/NASA Astrophysics Data System}
}

@ARTICLE{Feldbrugge:2014,
   author = {{Feldbrugge}, J. and {Hidding}, J. and {van de Weygaert}, R.},
    title = "{Statistics of Caustics in Large-Scale Structure Formation}",
  journal = {Proceedings of IAU Symposium 308 ``The Zeld'ovich Universe: Genesis and Growth of the Cosmic Web''},
archivePrefix = "arXiv",
   eprint = {1412.5121},
 keywords = {Astrophysics - Cosmology and Nongalactic Astrophysics},
     year = 2014,
    month = dec,
   adsurl = {http://adsabs.harvard.edu/abs/2014arXiv1412.5121F},
  adsnote = {Provided by the SAO/NASA Astrophysics Data System}
}

@MastersThesis{Feldbrugge:2014b,
    author     =     {Job Feldbrugge},
    title     =     {{Statistics of caustics in large-scale structure formation}},
    school     =     {Rijksuniversiteit Groningen},
    address     =     {the Netherlands},
    year     =     {2014},
    }

@ARTICLE{Feldbrugge:2017,
   author = {{Feldbrugge}, J. and {van de Weygaert}, R. and {Hidding}, J. and 
	{Feldbrugge}, J.},
    title = "{Caustic conditions for d-dimensional Lagrangian fluids}",
  journal = {ArXiv e-prints},
archivePrefix = "arXiv",
   eprint = {1703.09598},
 primaryClass = "physics.flu-dyn",
 keywords = {Physics - Fluid Dynamics, Astrophysics - Cosmology and Nongalactic Astrophysics},
     year = 2017,
    month = mar,
   adsurl = {http://adsabs.harvard.edu/abs/2017arXiv170309598F},
  adsnote = {Provided by the SAO/NASA Astrophysics Data System}
}

@book{Goldstein:1980,
  title={Classical Mechanics},
  author={Goldstein, H.},
  isbn={9780201029697},
  year={1980},
  publisher={Addison-Wesley}
}

@ARTICLE{Gurbatov:1989,
   author = {{Gurbatov}, S.~N. and {Saichev}, A.~I. and {Shandarin}, S.~F.
	},
    title = "{The large-scale structure of the universe in the frame of the model equation of non-linear diffusion}",
  journal = {\mnras},
 keywords = {Astronomical Models, Cosmology, Diffusion, Evolution (Development), Universe, Asymptotic Methods, Density Distribution, Gravitational Effects, Velocity Distribution},
     year = 1989,
    month = jan,
   volume = 236,
    pages = {385-402},
      doi = {10.1093/mnras/236.2.385},
   adsurl = {http://adsabs.harvard.edu/abs/1989MNRAS.236..385G},
  adsnote = {Provided by the SAO/NASA Astrophysics Data System}
}

@ARTICLE{Hidding:2014,
   author = {{Hidding}, J. and {Shandarin}, S.~F. and {van de Weygaert}, R.},
    title = "{The Zel'dovich approximation: key to understanding cosmic web complexity}",
  journal = {\mnras},
archivePrefix = "arXiv",
   eprint = {1311.7134},
 primaryClass = "astro-ph.CO",
 keywords = {methods: analytical, methods: numerical, cosmology: theory, dark matter, large-scale structure of Universe},
     year = 2014,
    month = feb,
   volume = 437,
    pages = {3442-3472},
      doi = {10.1093/mnras/stt2142},
   adsurl = {http://adsabs.harvard.edu/abs/2014MNRAS.437.3442H},
  adsnote = {Provided by the SAO/NASA Astrophysics Data System}
}

@phdthesis{Hidding:2017,
  author       = {Johan Hidding}, 
  title        = {In preparation},
  school       = {Kapteyn Institute, University of Groningen},
  year         = 2017,
}

@ARTICLE{Jones:1999,
   author = {{Jones}, B.~J.~T.},
    title = "{The origin of scaling in the galaxy distribution}",
  journal = {\mnras},
     year = 1999,
    month = aug,
   volume = 307,
    pages = {376-386},
      doi = {10.1046/j.1365-8711.1999.02592.x},
   adsurl = {http://adsabs.harvard.edu/abs/1999MNRAS.307..376J},
  adsnote = {Provided by the SAO/NASA Astrophysics Data System}
}

@book{Landau:1959,
  title={Volume 6: Fluid Mechanics},
  author={Landau, L.D. and Lifshitz, E.M.},
  isbn={9780080291420},
  year={1976},
  publisher={Butterworth-Heinemann}
}

@book{Landau:1976,
  title={Volume 1: Mechanics},
  author={Landau, L.D. and Lifshitz, E.M.},
  isbn={9780750628969},
  year={1959},
  publisher={Pergamom}
}

@ARTICLE{Libeskind:2017,
   author = {{Libeskind}, N.~I and {van de Weygaert}, R. and {Cautun}, M. and 
	{Falck}, B. and {Tempel}, E. and {Abel}, T. and {Alpaslan}, M. and 
	{Aragoon-Calvo}, M.~A. and {Forero-Romero}, J.~E. and {Gonzalez}, R. and 
	{Gottloober}, S. and {Hahn}, O. and {Hellwing}, W.~A. and {Hoffman}, Y. and 
	{Jones}, B.~J.~T. and {Kitaura}, F. and {Knebe}, A. and {Manti}, S. and 
	{Neyrinck}, M. and {Nuza}, S.~E. and {Padilla}, N. and {Platen}, E. and 
	{Ramachandra}, N. and {Robotham}, A. and {Saar}, E. and {Shandarin}, S. and 
	{Steinmetz}, M. and {Stoica}, R.~S. and {Sousbie}, T. and {Yepes}, G.
	},
    title = "{Tracing the cosmic web}",
  journal = {ArXiv e-prints},
archivePrefix = "arXiv",
   eprint = {1705.03021},
 keywords = {Astrophysics - Cosmology and Nongalactic Astrophysics},
     year = 2017,
    month = may,
      doi = {doi:10.17876/data/2017},
   adsurl = {http://adsabs.harvard.edu/abs/2017arXiv170503021L},
  adsnote = {Provided by the SAO/NASA Astrophysics Data System}
}

@ARTICLE{Matarrese:1992,
   author = {{Matarrese}, S. and {Lucchin}, F. and {Moscardini}, L. and {Saez}, D.
	},
    title = "{A frozen-flow approximation to the evolution of large-scale structures in the Universe}",
  journal = {\mnras},
 keywords = {Cosmology, Frozen Equilibrium Flow, Mass Distribution, Universe, Astronomical Models, Space Density},
     year = 1992,
    month = dec,
   volume = 259,
    pages = {437-452},
      doi = {10.1093/mnras/259.3.437},
   adsurl = {http://adsabs.harvard.edu/abs/1992MNRAS.259..437M},
  adsnote = {Provided by the SAO/NASA Astrophysics Data System}
}

%doi = {doi:10.17876/data/2017_1}

@book{milnor1963,
  title={Morse Theory},
  author={Milnor, J.W.},
  isbn={9780691080086},
  lccn={63013729},
  series={Annals of mathematics studies},
  url={https://books.google.it/books?id=A9QZZ3S\_QxwC},
  year={1963},
  publisher={Princeton University Press}
}

@book{morse1934,
  title={The calculus of variations in the large},
  author={Morse, M.},
  series={Colloquium Publications Volume XVIII},
  year={1934},
  publisher={American Mathematical Society}
}

@ARTICLE{More:2016,
   author = {{More}, S. and {Miyatake}, H. and {Takada}, M. and {Diemer}, B. and 
	{Kravtsov}, A.~V. and {Dalal}, N.~K. and {More}, A. and {Murata}, R. and 
	{Mandelbaum}, R. and {Rozo}, E. and {Rykoff}, E.~S. and {Oguri}, M. and 
	{Spergel}, D.~N.},
    title = "{Detection of the Splashback Radius and Halo Assembly Bias of Massive Galaxy Clusters}",
  journal = {\apj},
archivePrefix = "arXiv",
   eprint = {1601.06063},
 keywords = {dark matter, cosmology: observations, galaxies: clusters: general, large-scale structure of universe, methods: observational},
     year = 2016,
    month = jul,
   volume = 825,
      eid = {39},
    pages = {39},
      doi = {10.3847/0004-637X/825/1/39},
   adsurl = {http://adsabs.harvard.edu/abs/2016ApJ...825...39M},
  adsnote = {Provided by the SAO/NASA Astrophysics Data System}
}

@ARTICLE{Neyrinck:2014,
   author = {{Neyrinck}, M.~C.},
    title = "{Cosmological Origami: Properties of Cosmic-Web Components when a Non-Stretchy Dark-Matter Sheet Folds}",
  journal = {ArXiv e-prints},
archivePrefix = "arXiv",
   eprint = {1408.2219},
 keywords = {Astrophysics - Cosmology and Nongalactic Astrophysics, Astrophysics - Astrophysics of Galaxies},
     year = 2014,
    month = aug,
   adsurl = {http://adsabs.harvard.edu/abs/2014arXiv1408.2219N},
  adsnote = {Provided by the SAO/NASA Astrophysics Data System}
}

@ARTICLE{Planck:2014,
   author = {{Planck Collaboration} and {Ade}, P.~A.~R. and {Aghanim}, N. and 
	{Armitage-Caplan}, C. and {Arnaud}, M. and {Ashdown}, M. and 
	{Atrio-Barandela}, F. and {Aumont}, J. and {Baccigalupi}, C. and 
	{Banday}, A.~J. and et al.},
    title = "{Planck 2013 results. XVI. Cosmological parameters}",
  journal = {\aap},
archivePrefix = "arXiv",
   eprint = {1303.5076},
 keywords = {cosmic background radiation, cosmological parameters, early Universe, inflation, primordial nucleosynthesis},
     year = 2014,
    month = nov,
   volume = 571,
      eid = {A16},
    pages = {A16},
      doi = {10.1051/0004-6361/201321591},
   adsurl = {http://adsabs.harvard.edu/abs/2014A%26A...571A..16P},
  adsnote = {Provided by the SAO/NASA Astrophysics Data System}
}

@ARTICLE{Planck:2016,
   author = {{Planck Collaboration} and {Ade}, P.~A.~R. and {Aghanim}, N. and 
	{Arnaud}, M. and {Arroja}, F. and {Ashdown}, M. and {Aumont}, J. and 
	{Baccigalupi}, C. and {Ballardini}, M. and {Banday}, A.~J. and et al.},
    title = "{Planck 2015 results. XVII. Constraints on primordial non-Gaussianity}",
  journal = {\aap},
archivePrefix = "arXiv",
   eprint = {1502.01592},
 keywords = {cosmic background radiation, cosmology: observations, cosmology: theory, early Universe, inflation, methods: data analysis},
     year = 2016,
    month = sep,
   volume = 594,
      eid = {A17},
    pages = {A17},
      doi = {10.1051/0004-6361/201525836},
   adsurl = {http://adsabs.harvard.edu/abs/2016A%26A...594A..17P},
  adsnote = {Provided by the SAO/NASA Astrophysics Data System}
}

@ARTICLE{Shandarin:1989,
   author = {{Shandarin}, S.~F. and {Zeldovich}, Y.~B.},
    title = "{The large-scale structure of the universe: Turbulence, intermittency, structures in a self-gravitating medium}",
  journal = {Reviews of Modern Physics},
     year = 1989,
    month = apr,
   volume = 61,
    pages = {185-220},
      doi = {10.1103/RevModPhys.61.185},
   adsurl = {http://adsabs.harvard.edu/abs/1989RvMP...61..185S},
  adsnote = {Provided by the SAO/NASA Astrophysics Data System}
}

@ARTICLE{Springel:2005,
   author = {{Springel}, V.},
    title = "{The cosmological simulation code GADGET-2}",
  journal = {\mnras},
   eprint = {astro-ph/0505010},
 keywords = {methods: numerical, galaxies: interactions, dark matter},
     year = 2005,
    month = dec,
   volume = 364,
    pages = {1105-1134},
      doi = {10.1111/j.1365-2966.2005.09655.x},
   adsurl = {http://adsabs.harvard.edu/abs/2005MNRAS.364.1105S},
  adsnote = {Provided by the SAO/NASA Astrophysics Data System}
}

@ARTICLE{Vasilev:1978,
   author = {{Vasil'ev}, V.~A.},
    title = "{Asymptotic exponential integrals, Newton's diagram, and the classification of minimal points}",
  journal = {Plenum Publishing Corporation},
     year = 1978
}

@ARTICLE{Wang:2014,
   author = {{Wang}, X. and {Szalay}, A. and {Arag{\'o}n-Calvo}, M.~A. and 
	{Neyrinck}, M.~C. and {Eyink}, G.~L.},
    title = "{Kinematic Morphology of Large-scale Structure: Evolution from Potential to Rotational Flow}",
  journal = {\apj},
archivePrefix = "arXiv",
   eprint = {1309.5305},
 keywords = {cosmology: theory, large-scale structure of universe },
     year = 2014,
    month = sep,
   volume = 793,
      eid = {58},
    pages = {58},
      doi = {10.1088/0004-637X/793/1/58},
   adsurl = {http://adsabs.harvard.edu/abs/2014ApJ...793...58W},
  adsnote = {Provided by the SAO/NASA Astrophysics Data System}
}

@INPROCEEDINGS{WeyBond:2008,
   author = {{van de Weygaert}, R. and {Bond}, J.~R.},
    title = "{Clusters and the Theory of the Cosmic Web}",
booktitle = {A Pan-Chromatic View of Clusters of Galaxies and the Large-Scale Structure},
     year = 2008,
   series = {Lecture Notes in Physics, Berlin Springer Verlag},
   volume = 740,
   editor = {{Plionis}, M. and {L{\'o}pez-Cruz}, O. and {Hughes}, D.},
    pages = {335},
   adsurl = {http://adsabs.harvard.edu/abs/2008LNP...740..335V},
  adsnote = {Provided by the SAO/NASA Astrophysics Data System}
}

@ARTICLE{WMAP:2003,
   author = {{Komatsu}, E. and {Kogut}, A. and {Nolta}, M.~R. and {Bennett}, C.~L. and 
	{Halpern}, M. and {Hinshaw}, G. and {Jarosik}, N. and {Limon}, M. and 
	{Meyer}, S.~S. and {Page}, L. and {Spergel}, D.~N. and {Tucker}, G.~S. and 
	{Verde}, L. and {Wollack}, E. and {Wright}, E.~L.},
    title = "{First-Year Wilkinson Microwave Anisotropy Probe (WMAP) Observations: Tests of Gaussianity}",
  journal = {The Astrophysical Journal Supplement},
   eprint = {astro-ph/0302223},
 keywords = {Cosmology: Cosmic Microwave Background, Cosmology: Observations, Cosmology: Early Universe, Galaxies: Clusters: General, Cosmology: Large-Scale Structure of Universe},
     year = 2003,
    month = sep,
   volume = 148,
    pages = {119-134},
      doi = {10.1086/377220},
   adsurl = {http://adsabs.harvard.edu/abs/2003ApJS..148..119K},
  adsnote = {Provided by the SAO/NASA Astrophysics Data System}
}

@ARTICLE{Zeldovich:1970,
   author = {{Zel'dovich}, Y.~B.},
    title = "{Gravitational instability: An approximate theory for large density perturbations.}",
  journal = {\aap},
     year = 1970,
    month = mar,
   volume = 5,
    pages = {84-89},
  adsnote = {Provided by the SAO/NASA Astrophysics Data System}    
}

@INPROCEEDINGS{Shandarin:2016,
   author = {{Shandarin}, S.~F. and {Medvedev}, M.~V.},
    title = "{Disentangling the Cosmic Web with Lagrangian Submanifold}",
 keywords = {voids, dark matter, N-body simulations, excursion set, large-scale structure,},
booktitle = {The Zeldovich Universe: Genesis and Growth of the Cosmic Web},
     year = 2016,
   series = {IAU Symposium},
   volume = 308,
   editor = {{van de Weygaert}, R. and {Shandarin}, S. and {Saar}, E. and 
	{Einasto}, J.},
    month = oct,
    pages = {103-106},
      doi = {10.1017/S1743921316009698},
   adsurl = {http://adsabs.harvard.edu/abs/2016IAUS..308..103S},
  adsnote = {Provided by the SAO/NASA Astrophysics Data System}
}

@ARTICLE{Abel:2012,
       author = {{Abel}, Tom and {Hahn}, Oliver and {Kaehler}, Ralf},
        title = "{Tracing the dark matter sheet in phase space}",
      journal = {\mnras},
     keywords = {methods: numerical, galaxies: formation, cosmology: theory, dark matter, large-scale structure of Universe, Astrophysics - Cosmology and Nongalactic Astrophysics, Astrophysics - Astrophysics of Galaxies},
         year = "2012",
        month = "Nov",
       volume = {427},
       number = {1},
        pages = {61-76},
          doi = {10.1111/j.1365-2966.2012.21754.x},
archivePrefix = {arXiv},
       eprint = {1111.3944},
 primaryClass = {astro-ph.CO},
       adsurl = {https://ui.adsabs.harvard.edu/abs/2012MNRAS.427...61A},
      adsnote = {Provided by the SAO/NASA Astrophysics Data System}
}


@ARTICLE{Shandarin:2017,
   author = {{Shandarin}, S.~F. and {Medvedev}, M.~V.},
    title = "{The features of the Cosmic Web unveiled by the flip-flop field}",
  journal = {\mnras},
archivePrefix = "arXiv",
   eprint = {1609.08554},
     year = 2017,
    month = jul,
   volume = 468,
    pages = {4056-4076},
      doi = {10.1093/mnras/stx699},
   adsurl = {http://adsabs.harvard.edu/abs/2017MNRAS.468.4056S},
  adsnote = {Provided by the SAO/NASA Astrophysics Data System}
}

@INPROCEEDINGS{Neyrinck:2016,
   author = {{Neyrinck}, M.~C.},
    title = "{An Origami Approximation to the Cosmic Web}",
booktitle = {The Zeldovich Universe: Genesis and Growth of the Cosmic Web},
     year = 2016,
   series = {IAU Symposium},
   volume = 308,
archivePrefix = "arXiv",
   eprint = {1412.6114},
   editor = {{van de Weygaert}, R. and {Shandarin}, S. and {Saar}, E. and 
	{Einasto}, J.},
    month = oct,
    pages = {97-102},
      doi = {10.1017/S1743921316009686},
   adsurl = {http://adsabs.harvard.edu/abs/2016IAUS..308...97N},
  adsnote = {Provided by the SAO/NASA Astrophysics Data System}
}

@ARTICLE{Doroshkevich:1970,
   author = {{Doroshkevich}, A.~G.},
    title = "{Spatial structure of perturbations and origin of galactic rotation in fluctuation theory}",
  journal = {Astrophysics},
     year = 1970,
    month = oct,
   volume = 6,
    pages = {320-330},
      doi = {10.1007/BF01001625},
   adsurl = {http://adsabs.harvard.edu/abs/1970Ap......6..320D},
  adsnote = {Provided by the SAO/NASA Astrophysics Data System}
}



@BOOK{Peebles:1980,
       author = {{Peebles}, P.~J.~E.},
        title = "{The large-scale structure of the universe}",
         year = "1980",
       adsurl = {https://ui.adsabs.harvard.edu/abs/1980lssu.book.....P},
      adsnote = {Provided by the SAO/NASA Astrophysics Data System}
}

@proceedings{IAU:2016,
      editor         = "van de Weygaert, Rien and Shandarin, Sergei and Saar, Enn
                        and Einasto, Jaan",
      title          = "{Proceedings, IAU Symposium 308: The Zeldovich Universe:
                        Genesis and Growth of the Cosmic Web}",
      year           = "2016",
      journal        = "IAU Symp.",
      volume         = "308",
      SLACcitation   = "%%CITATION = IASYA,308,;%%"
}

@ARTICLE{Giovanelli:1985,
       author = {{Giovanelli}, R. and {Haynes}, M.~P.},
        title = "{A 21 cm survey of the Pisces-Perseus supercluster. I. The declination zone +27.5 to +33.5 degrees.}",
      journal = {\aj},
     keywords = {Centimeter Waves, Extragalactic Radio Sources, Galactic Clusters, H Lines, Astronomical Spectroscopy, Graphs (Charts), Red Shift, Spatial Distribution, Tables (Data), Velocity Distribution, Astrophysics},
         year = "1985",
        month = "Dec",
       volume = {90},
        pages = {2445-2473},
          doi = {10.1086/113949},
       adsurl = {https://ui.adsabs.harvard.edu/abs/1985AJ.....90.2445G},
      adsnote = {Provided by the SAO/NASA Astrophysics Data System}
}

@ARTICLE{Tempel:2014,
       author = {{Tempel}, E. and {Stoica}, R.~S. and {Mart{\'\i}nez}, V.~J. and
         {Liivam{\"a}gi}, L.~J. and {Castellan}, G. and {Saar}, E.},
        title = "{Detecting filamentary pattern in the cosmic web: a catalogue of filaments for the SDSS}",
      journal = {\mnras},
     keywords = {methods: data analysis, methods: statistical, catalogues, galaxies: statistics, large-scale structure of Universe, Astrophysics - Cosmology and Nongalactic Astrophysics},
         year = "2014",
        month = "Mar",
       volume = {438},
       number = {4},
        pages = {3465-3482},
          doi = {10.1093/mnras/stt2454},
archivePrefix = {arXiv},
       eprint = {1308.2533},
 primaryClass = {astro-ph.CO},
       adsurl = {https://ui.adsabs.harvard.edu/abs/2014MNRAS.438.3465T},
      adsnote = {Provided by the SAO/NASA Astrophysics Data System}
}

@ARTICLE{Jones:2010,
       author = {{Jones}, Bernard J.~T. and {van de Weygaert}, Rien and
         {Arag{\'o}n-Calvo}, Miguel A.},
        title = "{Fossil evidence for spin alignment of Sloan Digital Sky Survey galaxies in filaments}",
      journal = {\mnras},
     keywords = {methods: data analysis, cosmology: observations, cosmology: theory, large-scale structure of Universe, Astrophysics - Cosmology and Nongalactic Astrophysics},
         year = "2010",
        month = "Oct",
       volume = {408},
       number = {2},
        pages = {897-918},
          doi = {10.1111/j.1365-2966.2010.17202.x},
archivePrefix = {arXiv},
       eprint = {1001.4479},
 primaryClass = {astro-ph.CO},
       adsurl = {https://ui.adsabs.harvard.edu/abs/2010MNRAS.408..897J},
      adsnote = {Provided by the SAO/NASA Astrophysics Data System}
}

@ARTICLE{Sousbie:2011a,
       author = {{Sousbie}, T.},
        title = "{The persistent cosmic web and its filamentary structure - I. Theory and implementation}",
      journal = {\mnras},
     keywords = {methods: data analysis, methods: numerical, galaxies: formation, galaxies: kinematics and dynamics, cosmology: observations, large-scale structure of Universe, Astrophysics - Cosmology and Nongalactic Astrophysics, Mathematical Physics, Physics - Computational Physics},
         year = "2011",
        month = "Jun",
       volume = {414},
       number = {1},
        pages = {350-383},
          doi = {10.1111/j.1365-2966.2011.18394.x},
archivePrefix = {arXiv},
       eprint = {1009.4015},
 primaryClass = {astro-ph.CO},
       adsurl = {https://ui.adsabs.harvard.edu/abs/2011MNRAS.414..350S},
      adsnote = {Provided by the SAO/NASA Astrophysics Data System}
}


@ARTICLE{Sousbie:2011b,
       author = {{Sousbie}, T. and {Pichon}, C. and {Kawahara}, H.},
        title = "{The persistent cosmic web and its filamentary structure - II. Illustrations}",
      journal = {\mnras},
     keywords = {methods: data analysis, galaxies: formation, galaxies: kinematics and dynamics, cosmology: observations, dark matter, large-scale structure of Universe, Astrophysics - Cosmology and Nongalactic Astrophysics, Mathematical Physics, Physics - Computational Physics},
         year = "2011",
        month = "Jun",
       volume = {414},
       number = {1},
        pages = {384-403},
          doi = {10.1111/j.1365-2966.2011.18395.x},
archivePrefix = {arXiv},
       eprint = {1009.4014},
 primaryClass = {astro-ph.CO},
       adsurl = {https://ui.adsabs.harvard.edu/abs/2011MNRAS.414..384S},
      adsnote = {Provided by the SAO/NASA Astrophysics Data System}
}

@ARTICLE{Haarlem:1993,
       author = {{van Haarlem}, Michiel and {van de Weygaert}, Rien},
        title = "{Velocity Fields and Alignments of Clusters in Gravitational Instability Scenarios}",
      journal = {\apj},
     keywords = {COSMOLOGY: LARGE-SCALE STRUCTURE OF UNIVERSE, COSMOLOGY: THEORY, GALAXIES: CLUSTERING, METHODS: NUMERICAL},
         year = "1993",
        month = "Dec",
       volume = {418},
        pages = {544},
          doi = {10.1086/173416},
       adsurl = {https://ui.adsabs.harvard.edu/abs/1993ApJ...418..544V},
      adsnote = {Provided by the SAO/NASA Astrophysics Data System}
}

@ARTICLE{Geller:1989,
       author = {{Geller}, Margaret J. and {Huchra}, John P.},
        title = "{Mapping the Universe}",
      journal = {Science},
     keywords = {Astronomical Maps, Galactic Structure, Hubble Constant, Universe, Cosmology, Emission Spectra, Line Of Sight, Line Spectra, Astrophysics},
         year = "1989",
        month = "Nov",
       volume = {246},
       number = {4932},
        pages = {897-903},
          doi = {10.1126/science.246.4932.897},
       adsurl = {https://ui.adsabs.harvard.edu/abs/1989Sci...246..897G},
      adsnote = {Provided by the SAO/NASA Astrophysics Data System}
}

@ARTICLE{Gott:2005,
       author = {{Gott}, J. Richard, III and {Juri{\'c}}, Mario and {Schlegel}, David and
         {Hoyle}, Fiona and {Vogeley}, Michael and {Tegmark}, Max and
         {Bahcall}, Neta and {Brinkmann}, Jon},
        title = "{A Map of the Universe}",
      journal = {\apj},
     keywords = {Cosmology: Large-Scale Structure of Universe, Methods: Data Analysis, Astrophysics},
         year = "2005",
        month = "May",
       volume = {624},
       number = {2},
        pages = {463-484},
          doi = {10.1086/428890},
archivePrefix = {arXiv},
       eprint = {astro-ph/0310571},
 primaryClass = {astro-ph},
       adsurl = {https://ui.adsabs.harvard.edu/abs/2005ApJ...624..463G},
      adsnote = {Provided by the SAO/NASA Astrophysics Data System}
}

@ARTICLE{Lietzen:2016,
       author = {{Lietzen}, H. and {Tempel}, E. and {Liivam{\"a}gi}, L.~J. and
         {Montero-Dorta}, A. and {Einasto}, M. and {Streblyanska}, A. and
         {Maraston}, C. and {Rubi{\~n}o-Mart{\'\i}n}, J.~A. and {Saar}, E.},
        title = "{Discovery of a massive supercluster system at z \raisebox{-0.5ex}\textasciitilde 0.47}",
      journal = {\aap},
     keywords = {large-scale structure of Universe, Astrophysics - Cosmology and Nongalactic Astrophysics},
         year = "2016",
        month = "Apr",
       volume = {588},
          eid = {L4},
        pages = {L4},
          doi = {10.1051/0004-6361/201628261},
archivePrefix = {arXiv},
       eprint = {1602.08498},
 primaryClass = {astro-ph.CO},
       adsurl = {https://ui.adsabs.harvard.edu/abs/2016A&A...588L...4L},
      adsnote = {Provided by the SAO/NASA Astrophysics Data System}
}

@ARTICLE{Vaucouleurs:1953,
   author = {{de Vaucouleurs}, G.},
    title = "{Evidence for a local super,galaxy}",
  journal = {\aj},
     year = 1953,
    month = feb,
   volume = 58,
    pages = {30},
      doi = {10.1086/106805},
   adsurl = {https://ui.adsabs.harvard.edu/abs/1953AJ.....58...30D},
  adsnote = {Provided by the SAO/NASA Astrophysics Data System}
}


@ARTICLE{Lahav:2000,
       author = {{Lahav}, O. and {Santiago}, B.~X. and {Webster}, A.~M. and
         {Strauss}, Michael A. and {Davis}, M. and {Dressler}, A. and
         {Huchra}, J.~P.},
        title = "{The supergalactic plane revisited with the Optical Redshift Survey}",
      journal = {\mnras},
     keywords = {METHODS: STATISTICAL, GALAXIES: DISTANCES AND REDSHIFTS, LARGE-SCALE STRUCTURE OF UNIVERSE},
         year = "2000",
        month = "Feb",
       volume = {312},
       number = {1},
        pages = {166-176},
          doi = {10.1046/j.1365-8711.2000.03145.x},
       adsurl = {https://ui.adsabs.harvard.edu/abs/2000MNRAS.312..166L},
      adsnote = {Provided by the SAO/NASA Astrophysics Data System}
}

@ARTICLE{Icke:1984,
       author = {{Icke}, V.},
        title = "{Voids and filaments}",
      journal = {\mnras},
     keywords = {Cosmology, Galactic Evolution, Gravitational Collapse, Astronomical Models, Clouds, Filaments, Voids, Astrophysics},
         year = "1984",
        month = "Jan",
       volume = {206},
        pages = {1P-3P},
          doi = {10.1093/mnras/206.1.1P},
       adsurl = {https://ui.adsabs.harvard.edu/abs/1984MNRAS.206P...1I},
      adsnote = {Provided by the SAO/NASA Astrophysics Data System}
}

@ARTICLE{Sahni:1994,
       author = {{Sahni}, Varun and {Sathyaprakah}, B.~S. and {Shandarin}, Sergei F.},
        title = "{The Evolution of Voids in the Adhesion Approximation}",
      journal = {\apj},
     keywords = {Cosmology, Dark Matter, Galactic Clusters, Galactic Evolution, Gravitational Effects, Universe, Voids, Astronomical Models, Astronomical Spectroscopy, Computational Astrophysics, Power Spectra, Astrophysics, COSMOLOGY: THEORY, GALAXIES: CLUSTERING, COSMOLOGY: LARGE-SCALE STRUCTURE OF UNIVERSE, METHODS: NUMERICAL, Astrophysics},
         year = "1994",
        month = "Aug",
       volume = {431},
        pages = {20},
          doi = {10.1086/174464},
archivePrefix = {arXiv},
       eprint = {astro-ph/9403044},
 primaryClass = {astro-ph},
       adsurl = {https://ui.adsabs.harvard.edu/abs/1994ApJ...431...20S},
      adsnote = {Provided by the SAO/NASA Astrophysics Data System}
}

@ARTICLE{Sheth:2004,
       author = {{Sheth}, Ravi K. and {van de Weygaert}, Rien},
        title = "{A hierarchy of voids: much ado about nothing}",
      journal = {\mnras},
     keywords = {galaxies: clusters: general, cosmology: theory, dark matter, Astrophysics},
         year = "2004",
        month = "May",
       volume = {350},
       number = {2},
        pages = {517-538},
          doi = {10.1111/j.1365-2966.2004.07661.x},
archivePrefix = {arXiv},
       eprint = {astro-ph/0311260},
 primaryClass = {astro-ph},
       adsurl = {https://ui.adsabs.harvard.edu/abs/2004MNRAS.350..517S},
      adsnote = {Provided by the SAO/NASA Astrophysics Data System}
}

@ARTICLE{Einasto:2011b,
       author = {{Einasto}, J. and {Suhhonenko}, I. and {H{\"u}tsi}, G. and {Saar}, E. and
         {Einasto}, M. and {Liivam{\"a}gi}, L.~J. and {M{\"u}ller}, V. and
         {Starobinsky}, A.~A. and {Tago}, E. and {Tempel}, E.},
        title = "{Towards understanding the structure of voids in the cosmic web}",
      journal = {\aap},
     keywords = {large-scale structure of Universe, early Universe, cosmology: theory, Astrophysics - Cosmology and Extragalactic Astrophysics},
         year = "2011",
        month = "Oct",
       volume = {534},
          eid = {A128},
        pages = {A128},
          doi = {10.1051/0004-6361/201117248},
archivePrefix = {arXiv},
       eprint = {1105.2464},
 primaryClass = {astro-ph.CO},
       adsurl = {https://ui.adsabs.harvard.edu/abs/2011A&A...534A.128E},
      adsnote = {Provided by the SAO/NASA Astrophysics Data System}
}

@ARTICLE{Aragon:2013,
       author = {{Aragon-Calvo}, M.~A. and {Szalay}, A.~S.},
        title = "{The hierarchical structure and dynamics of voids}",
      journal = {\mnras},
     keywords = {methods: data analysis, large-scale structure of Universe, Astrophysics - Cosmology and Nongalactic Astrophysics},
         year = "2013",
        month = "Feb",
       volume = {428},
       number = {4},
        pages = {3409-3424},
          doi = {10.1093/mnras/sts281},
archivePrefix = {arXiv},
       eprint = {1203.0248},
 primaryClass = {astro-ph.CO},
       adsurl = {https://ui.adsabs.harvard.edu/abs/2013MNRAS.428.3409A},
      adsnote = {Provided by the SAO/NASA Astrophysics Data System}
}

@ARTICLE{Chincarini:1975,
       author = {{Chincarini}, G. and {Rood}, H.~J.},
        title = "{Size of the Coma cluster}",
      journal = {\nat},
     keywords = {Galactic Clusters, Radial Velocity, Size Determination, Astronomical Spectroscopy, Distance, Radii, Astronomy},
         year = "1975",
        month = "Sep",
       volume = {257},
       number = {5524},
        pages = {294-295},
          doi = {10.1038/257294a0},
       adsurl = {https://ui.adsabs.harvard.edu/abs/1975Natur.257..294C},
      adsnote = {Provided by the SAO/NASA Astrophysics Data System}
}

@ARTICLE{Gregory:1978,
       author = {{Gregory}, S.~A. and {Thompson}, L.~A.},
        title = "{The Coma/A1367 supercluster and its environs.}",
      journal = {\apj},
     keywords = {Galactic Clusters, Galactic Structure, Red Shift, Spatial Distribution, Contours, Galactic Radiation, Luminous Intensity, Morphology, Population Theory, Astrophysics, Clusters of Galaxies:Coma, Clusters of Galaxies:Galaxy Distribution, Galaxies:Redshifts},
         year = "1978",
        month = "Jun",
       volume = {222},
        pages = {784-799},
          doi = {10.1086/156198},
       adsurl = {https://ui.adsabs.harvard.edu/abs/1978ApJ...222..784G},
      adsnote = {Provided by the SAO/NASA Astrophysics Data System}
}

@ARTICLE{Zeldovich:1982,
       author = {{Zeldovich}, Ia. B. and {Einasto}, J. and {Shandarin}, S.~F.},
        title = "{Giant voids in the Universe}",
      journal = {\nat},
     keywords = {Astronomical Models, Galactic Clusters, Galactic Evolution, Galactic Structure, Spatial Distribution, Universe, Adiabatic Conditions, Cosmology, Mass Distribution, Neutrinos, Astrophysics},
         year = "1982",
        month = "Dec",
       volume = {300},
       number = {5891},
        pages = {407-413},
          doi = {10.1038/300407a0},
       adsurl = {https://ui.adsabs.harvard.edu/abs/1982Natur.300..407Z},
      adsnote = {Provided by the SAO/NASA Astrophysics Data System}
}


@ARTICLE{Kirshner:1981,
       author = {{Kirshner}, R.~P. and {Oemler}, A., Jr. and {Schechter}, P.~L. and
         {Shectman}, S.~A.},
        title = "{A million cubic megaparsec void in Bootes ?}",
      journal = {\apjl},
     keywords = {Galactic Clusters, Galactic Radiation, Red Shift, Cosmology, Density Distribution, Galactic Structure, Hubble Diagram, Luminosity, Perturbation Theory, Voids, Astrophysics},
         year = "1981",
        month = "Sep",
       volume = {248},
        pages = {L57-L60},
          doi = {10.1086/183623},
       adsurl = {https://ui.adsabs.harvard.edu/abs/1981ApJ...248L..57K},
      adsnote = {Provided by the SAO/NASA Astrophysics Data System}
}

@ARTICLE{Kirshner:1987,
       author = {{Kirshner}, Robert P. and {Oemler}, Augustus, Jr. and
         {Schechter}, Paul L. and {Shectman}, Stephen A.},
        title = "{A Survey of the Bootes Void}",
      journal = {\apj},
     keywords = {Galactic Clusters, Red Shift, Space Density, Voids, Astronomical Catalogs, Distribution Functions, Probability Theory, Statistical Analysis, Astrophysics, GALAXIES: CLUSTERING, GALAXIES: REDSHIFTS},
         year = "1987",
        month = "Mar",
       volume = {314},
        pages = {493},
          doi = {10.1086/165080},
       adsurl = {https://ui.adsabs.harvard.edu/abs/1987ApJ...314..493K},
      adsnote = {Provided by the SAO/NASA Astrophysics Data System}
}

@ARTICLE{Lapparent:1986,
   author = {{de Lapparent}, V. and {Geller}, M.~J. and {Huchra}, J.~P.},
    title = "{A slice of the universe}",
  journal = {\apjl},
 keywords = {Big Bang Cosmology, Galactic Evolution, Galactic Structure, Red Shift, Universe, Astronomical Models, Density Distribution},
     year = 1986,
    month = mar,
   volume = 302,
    pages = {L1-L5},
      doi = {10.1086/184625},
   adsurl = {https://ui.adsabs.harvard.edu/abs/1986ApJ...302L...1D},
  adsnote = {Provided by the SAO/NASA Astrophysics Data System}
}


@PROCEEDINGS{Fairall:1998,
        title = "{Large-scale structures in the universe}",
    booktitle = {Large-scale structures in the universe / Anthony P. Fairall. New York : Wiley},
         year = "1998",
        month = "Jan",
       adsurl = {https://ui.adsabs.harvard.edu/abs/1998lssu.conf.....F},
      adsnote = {Provided by the SAO/NASA Astrophysics Data System}
}

@ARTICLE{Sutter:2012,
       author = {{Sutter}, P.~M. and {Lavaux}, Guilhem and {Wandelt}, Benjamin D. and
         {Weinberg}, David H.},
        title = "{A Public Void Catalog from the SDSS DR7 Galaxy Redshift Surveys Based on the Watershed Transform}",
      journal = {\apj},
     keywords = {catalogs, cosmology: observations, large-scale structure of universe, Astrophysics - Cosmology and Nongalactic Astrophysics},
         year = "2012",
        month = "Dec",
       volume = {761},
       number = {1},
          eid = {44},
        pages = {44},
          doi = {10.1088/0004-637X/761/1/44},
archivePrefix = {arXiv},
       eprint = {1207.2524},
 primaryClass = {astro-ph.CO},
       adsurl = {https://ui.adsabs.harvard.edu/abs/2012ApJ...761...44S},
      adsnote = {Provided by the SAO/NASA Astrophysics Data System}
}

@ARTICLE{Pan:2012,
       author = {{Pan}, Danny C. and {Vogeley}, Michael S. and {Hoyle}, Fiona and
         {Choi}, Yun-Young and {Park}, Changbom},
        title = "{Cosmic voids in Sloan Digital Sky Survey Data Release 7}",
      journal = {\mnras},
     keywords = {catalogues, large-scale structure of Universe, Astrophysics - Cosmology and Nongalactic Astrophysics, Astrophysics - Astrophysics of Galaxies},
         year = "2012",
        month = "Apr",
       volume = {421},
       number = {2},
        pages = {926-934},
          doi = {10.1111/j.1365-2966.2011.20197.x},
archivePrefix = {arXiv},
       eprint = {1103.4156},
 primaryClass = {astro-ph.CO},
       adsurl = {https://ui.adsabs.harvard.edu/abs/2012MNRAS.421..926P},
      adsnote = {Provided by the SAO/NASA Astrophysics Data System}
}

@ARTICLE{Leclercq:2015,
       author = {{Leclercq}, Florent and {Jasche}, Jens and {Sutter}, P.~M. and
         {Hamaus}, Nico and {Wandelt}, Benjamin},
        title = "{Dark matter voids in the SDSS galaxy survey}",
      journal = {\jcap},
     keywords = {Astrophysics - Cosmology and Nongalactic Astrophysics},
         year = "2015",
        month = "Mar",
       volume = {2015},
       number = {3},
          eid = {047},
        pages = {047},
          doi = {10.1088/1475-7516/2015/03/047},
archivePrefix = {arXiv},
       eprint = {1410.0355},
 primaryClass = {astro-ph.CO},
       adsurl = {https://ui.adsabs.harvard.edu/abs/2015JCAP...03..047L},
      adsnote = {Provided by the SAO/NASA Astrophysics Data System}
}

@BOOK{Tully:1987,
       author = {{Tully}, R. Brent and {Fisher}, J. Richard},
        title = "{Nearby galaxies Atlas}",
         year = "1987",
       adsurl = {https://ui.adsabs.harvard.edu/abs/1987nga..book.....T},
      adsnote = {Provided by the SAO/NASA Astrophysics Data System}
}


@ARTICLE{Tully:2008,
       author = {{Tully}, R. Brent and {Shaya}, Edward J. and {Karachentsev}, Igor D. and
         {Courtois}, H{\'e}l{\`e}ne M. and {Kocevski}, Dale D. and
         {Rizzi}, Luca and {Peel}, Alan},
        title = "{Our Peculiar Motion Away from the Local Void}",
      journal = {\apj},
     keywords = {dark matter, galaxies: distances and redshifts, large-scale structure of universe, Astrophysics, Astrophysics - Cosmology and Nongalactic Astrophysics},
         year = "2008",
        month = "Mar",
       volume = {676},
       number = {1},
        pages = {184-205},
          doi = {10.1086/527428},
archivePrefix = {arXiv},
       eprint = {0705.4139},
 primaryClass = {astro-ph},
       adsurl = {https://ui.adsabs.harvard.edu/abs/2008ApJ...676..184T},
      adsnote = {Provided by the SAO/NASA Astrophysics Data System}
}

@ARTICLE{Hoffman:2017,
       author = {{Hoffman}, Yehuda and {Pomar{\`e}de}, Daniel and {Tully}, R. Brent and
         {Courtois}, H{\'e}l{\`e}ne M.},
        title = "{The dipole repeller}",
      journal = {Nature Astronomy},
     keywords = {Astrophysics - Cosmology and Nongalactic Astrophysics},
         year = "2017",
        month = "Jan",
       volume = {1},
          eid = {0036},
        pages = {0036},
          doi = {10.1038/s41550-016-0036},
archivePrefix = {arXiv},
       eprint = {1702.02483},
 primaryClass = {astro-ph.CO},
       adsurl = {https://ui.adsabs.harvard.edu/abs/2017NatAs...1E..36H},
      adsnote = {Provided by the SAO/NASA Astrophysics Data System}
}

@ARTICLE{Illustris:2014,
       author = {{Vogelsberger}, Mark and {Genel}, Shy and {Springel}, Volker and
         {Torrey}, Paul and {Sijacki}, Debora and {Xu}, Dandan and
         {Snyder}, Greg and {Nelson}, Dylan and {Hernquist}, Lars},
        title = "{Introducing the Illustris Project: simulating the coevolution of dark and visible matter in the Universe}",
      journal = {\mnras},
     keywords = {methods: numerical, cosmology: theory, Astrophysics - Cosmology and Nongalactic Astrophysics},
         year = "2014",
        month = "Oct",
       volume = {444},
       number = {2},
        pages = {1518-1547},
          doi = {10.1093/mnras/stu1536},
archivePrefix = {arXiv},
       eprint = {1405.2921},
 primaryClass = {astro-ph.CO},
       adsurl = {https://ui.adsabs.harvard.edu/abs/2014MNRAS.444.1518V},
      adsnote = {Provided by the SAO/NASA Astrophysics Data System}
}


@ARTICLE{Millennium:2005,
       author = {{Springel}, Volker and {White}, Simon D.~M. and {Jenkins}, Adrian and
         {Frenk}, Carlos S. and {Yoshida}, Naoki and {Gao}, Liang and
         {Navarro}, Julio and {Thacker}, Robert and {Croton}, Darren and
         {Helly}, John and {Peacock}, John A. and {Cole}, Shaun and
         {Thomas}, Peter and {Couchman}, Hugh and {Evrard}, August and
         {Colberg}, J{\"o}rg and {Pearce}, Frazer},
        title = "{Simulations of the formation, evolution and clustering of galaxies and quasars}",
      journal = {\nat},
     keywords = {Astrophysics},
         year = "2005",
        month = "Jun",
       volume = {435},
       number = {7042},
        pages = {629-636},
          doi = {10.1038/nature03597},
archivePrefix = {arXiv},
       eprint = {astro-ph/0504097},
 primaryClass = {astro-ph},
       adsurl = {https://ui.adsabs.harvard.edu/abs/2005Natur.435..629S},
      adsnote = {Provided by the SAO/NASA Astrophysics Data System}
}

@ARTICLE{Eagle:2015,
   author = {{Schaye}, J. and {Crain}, R.~A. and {Bower}, R.~G. and {Furlong}, M. and 
	{Schaller}, M. and {Theuns}, T. and {Dalla Vecchia}, C. and 
	{Frenk}, C.~S. and {McCarthy}, I.~G. and {Helly}, J.~C. and 
	{Jenkins}, A. and {Rosas-Guevara}, Y.~M. and {White}, S.~D.~M. and 
	{Baes}, M. and {Booth}, C.~M. and {Camps}, P. and {Navarro}, J.~F. and 
	{Qu}, Y. and {Rahmati}, A. and {Sawala}, T. and {Thomas}, P.~A. and 
	{Trayford}, J.},
    title = "{The EAGLE project: simulating the evolution and assembly of galaxies and their environments}",
  journal = {\mnras},
archivePrefix = "arXiv",
   eprint = {1407.7040},
 keywords = {methods: numerical, galaxies: evolution, galaxies: formation, cosmology: theory},
     year = 2015,
    month = jan,
   volume = 446,
    pages = {521-554},
      doi = {10.1093/mnras/stu2058},
   adsurl = {https://ui.adsabs.harvard.edu/abs/2015MNRAS.446..521S},
  adsnote = {Provided by the SAO/NASA Astrophysics Data System}
}

@ARTICLE{Hahn:2007,
       author = {{Hahn}, Oliver and {Carollo}, C. Marcella and {Porciani}, Cristiano and
         {Dekel}, Avishai},
        title = "{The evolution of dark matter halo properties in clusters, filaments, sheets and voids}",
      journal = {\mnras},
     keywords = {methods: N-body simulations, galaxies: haloes, cosmology: theory, dark matter, large-scale structure of Universe, Astrophysics},
         year = "2007",
        month = "Oct",
       volume = {381},
       number = {1},
        pages = {41-51},
          doi = {10.1111/j.1365-2966.2007.12249.x},
archivePrefix = {arXiv},
       eprint = {0704.2595},
 primaryClass = {astro-ph},
       adsurl = {https://ui.adsabs.harvard.edu/abs/2007MNRAS.381...41H},
      adsnote = {Provided by the SAO/NASA Astrophysics Data System}
}

@ARTICLE{Icke:1973,
       author = {{Icke}, V.},
        title = "{Formation of Galaxies inside Clusters}",
      journal = {\aap},
         year = "1973",
        month = "Aug",
       volume = {27},
        pages = {1},
       adsurl = {https://ui.adsabs.harvard.edu/abs/1973A&A....27....1I},
      adsnote = {Provided by the SAO/NASA Astrophysics Data System}
}




@ARTICLE{BondMyers:1996,
       author = {{Bond}, J.~R. and {Myers}, S.~T.},
        title = "{The Peak-Patch Picture of Cosmic Catalogs. III. Application to Clusters}",
      journal = {\apjs},
     keywords = {COSMOLOGY: THEORY, GALAXIES: CLUSTERS: GENERAL, METHODS: NUMERICAL, CATALOGS},
         year = "1996",
        month = "Mar",
       volume = {103},
        pages = {63},
          doi = {10.1086/192269},
       adsurl = {https://ui.adsabs.harvard.edu/abs/1996ApJS..103...63B},
      adsnote = {Provided by the SAO/NASA Astrophysics Data System}
}

@ARTICLE{Weygaert:1996,
       author = {{van de Weygaert}, Rien and {Bertschinger}, Edmund},
        title = "{Peak and gravity constraints in Gaussian primordial density fields: An application of the Hoffman-Ribak method}",
      journal = {\mnras},
     keywords = {METHODS: NUMERICAL GALAXIES: CLUSTERS: GENERAL, COSMOLOGY: THEORY, LARGE-SCALE STRUCTURE OF UNIVERSE, Astrophysics},
         year = "1996",
        month = "Jul",
       volume = {281},
        pages = {84},
          doi = {10.1093/mnras/281.1.84},
archivePrefix = {arXiv},
       eprint = {astro-ph/9507024},
 primaryClass = {astro-ph},
       adsurl = {https://ui.adsabs.harvard.edu/abs/1996MNRAS.281...84V},
      adsnote = {Provided by the SAO/NASA Astrophysics Data System}
}

@ARTICLE{Colberg:2005,
       author = {{Colberg}, J{\"o}rg M. and {Krughoff}, K. Simon and
         {Connolly}, Andrew J.},
        title = "{Intercluster filaments in a {\ensuremath{\Lambda}}CDM Universe}",
      journal = {\mnras},
     keywords = {methods: N-body simulations, cosmology: theory, dark matter, large-scale structure of Universe, Astrophysics},
         year = "2005",
        month = "May",
       volume = {359},
       number = {1},
        pages = {272-282},
          doi = {10.1111/j.1365-2966.2005.08897.x},
archivePrefix = {arXiv},
       eprint = {astro-ph/0406665},
 primaryClass = {astro-ph},
       adsurl = {https://ui.adsabs.harvard.edu/abs/2005MNRAS.359..272C},
      adsnote = {Provided by the SAO/NASA Astrophysics Data System}
}

@ARTICLE{Shandarin:2009,
       author = {{Shandarin}, S.~F. and {Sunyaev}, R.~A.},
        title = "{The conjecture of the cosmic web. Commentary on: Zel'dovich Ya. B., 1970, A\&amp;A, 5, 84}",
      journal = {\aap},
         year = "2009",
        month = "Jun",
       volume = {500},
       number = {1},
        pages = {19-20},
          doi = {10.1051/0004-6361/200912144},
       adsurl = {https://ui.adsabs.harvard.edu/abs/2009A&A...500...19S},
      adsnote = {Provided by the SAO/NASA Astrophysics Data System}
}

@ARTICLE{Shandarin:2011,
       author = {{Shandarin}, Sergei F.},
        title = "{The multi-stream flows and the dynamics of the cosmic web}",
      journal = {\jcap},
     keywords = {Astrophysics - Cosmology and Nongalactic Astrophysics},
         year = "2011",
        month = "May",
       volume = {2011},
       number = {5},
          eid = {015},
        pages = {015},
          doi = {10.1088/1475-7516/2011/05/015},
archivePrefix = {arXiv},
       eprint = {1011.1924},
 primaryClass = {astro-ph.CO},
       adsurl = {https://ui.adsabs.harvard.edu/abs/2011JCAP...05..015S},
      adsnote = {Provided by the SAO/NASA Astrophysics Data System}
}

@ARTICLE{Shandarin:2012,
       author = {{Shandarin}, Sergei and {Habib}, Salman and {Heitmann}, Katrin},
        title = "{Cosmic web, multistream flows, and tessellations}",
      journal = {\prd},
     keywords = {98.65.-r, 98.65.Dx, 98.80.-k, 98.80.Bp, Galaxy groups clusters and superclusters, large scale structure of the Universe, Superclusters, large-scale structure of the Universe, Cosmology, Origin and formation of the Universe, Astrophysics - Cosmology and Nongalactic Astrophysics},
         year = "2012",
        month = "Apr",
       volume = {85},
       number = {8},
          eid = {083005},
        pages = {083005},
          doi = {10.1103/PhysRevD.85.083005},
archivePrefix = {arXiv},
       eprint = {1111.2366},
 primaryClass = {astro-ph.CO},
       adsurl = {https://ui.adsabs.harvard.edu/abs/2012PhRvD..85h3005S},
      adsnote = {Provided by the SAO/NASA Astrophysics Data System}
}

@ARTICLE{Neyrinck:2012,
       author = {{Neyrinck}, Mark C.},
        title = "{Origami constraints on the initial-conditions arrangement of dark-matter caustics and streams}",
      journal = {\mnras},
     keywords = {cosmology: theory, large-scale structure of Universe, Astrophysics - Cosmology and Extragalactic Astrophysics},
         year = "2012",
        month = "Nov",
       volume = {427},
       number = {1},
        pages = {494-501},
          doi = {10.1111/j.1365-2966.2012.21956.x},
archivePrefix = {arXiv},
       eprint = {1202.3364},
 primaryClass = {astro-ph.CO},
       adsurl = {https://ui.adsabs.harvard.edu/abs/2012MNRAS.427..494N},
      adsnote = {Provided by the SAO/NASA Astrophysics Data System}
}

@ARTICLE{Abel:2012,
       author = {{Abel}, Tom and {Hahn}, Oliver and {Kaehler}, Ralf},
        title = "{Tracing the dark matter sheet in phase space}",
      journal = {\mnras},
     keywords = {methods: numerical, galaxies: formation, cosmology: theory, dark matter, large-scale structure of Universe, Astrophysics - Cosmology and Nongalactic Astrophysics, Astrophysics - Astrophysics of Galaxies},
         year = "2012",
        month = "Nov",
       volume = {427},
       number = {1},
        pages = {61-76},
          doi = {10.1111/j.1365-2966.2012.21754.x},
archivePrefix = {arXiv},
       eprint = {1111.3944},
 primaryClass = {astro-ph.CO},
       adsurl = {https://ui.adsabs.harvard.edu/abs/2012MNRAS.427...61A},
      adsnote = {Provided by the SAO/NASA Astrophysics Data System}
}

@ARTICLE{Falck:2012,
       author = {{Falck}, Bridget L. and {Neyrinck}, Mark C. and {Szalay}, Alexander S.},
        title = "{ORIGAMI: Delineating Halos Using Phase-space Folds}",
      journal = {\apj},
     keywords = {dark matter, galaxies: halos, large-scale structure of universe, methods: numerical, Astrophysics - Cosmology and Nongalactic Astrophysics, Astrophysics - Astrophysics of Galaxies},
         year = "2012",
        month = "Aug",
       volume = {754},
       number = {2},
          eid = {126},
        pages = {126},
          doi = {10.1088/0004-637X/754/2/126},
archivePrefix = {arXiv},
       eprint = {1201.2353},
 primaryClass = {astro-ph.CO},
       adsurl = {https://ui.adsabs.harvard.edu/abs/2012ApJ...754..126F},
      adsnote = {Provided by the SAO/NASA Astrophysics Data System}
}


@article{Doi:1991,
	author={A. Doi and A. Koide},
	title		= {An efficient method of triangulating equi-valued surfaces by using tetrahedral cells},
	journal 	= {IEICE TRANSACTIONS on Information and Systems},
	volume 	= {74},
	number 	= {1},
	pages 	= {214-224},
	year		= 1991
}

